@misc{rahman2020covid19,
	author       = {Tawsifur Rahman and Md. Mahmudur Rahman and A. S. M. Ashraful Alam and Sakib Mahmud and Sharif A. Chowdhury and Abul Kashem Sarker and Qi Jing and Nabil Ibtehaz and Abidur Rahman Khan and Md. Nazmus Saqib and Khandakar Tanveer Ahmed and Kaushik Sarker and Rushdi Shams and Muhammad E. H. Chowdhury and U. Rajendra Acharya},
	title        = {COVID-19 Radiography Database},
	year         = {2020},
	url          = {https://www.kaggle.com/datasets/tawsifurrahman/covid19-radiography-database/data},
	
	note  = {https://www.kaggle.com/datasets/tawsifurrahman/covid19-radiography-database/data}
}
@misc{tensorflow2015-whitepaper,
	author       = {Martín Abadi and Ashish Agarwal and Paul Barham and Eugene Brevdo and Zhifeng Chen and Craig Citro and Greg S. Corrado and Andy Davis and Jeffrey Dean and Matthieu Devin and Sanjay Ghemawat and Ian Goodfellow and Andrew Harp and Geoffrey Irving and Michael Isard and Yangqing Jia and Rafal Jozefowicz and Lukasz Kaiser and Manjunath Kudlur and Josh Levenberg and Dandelion Mane and Rajat Monga and Sherry Moore and Derek Murray and Chris Olah and Mike Schuster and Jonathon Shlens and Benoit Steiner and Ilya Sutskever and Kunal Talwar and Paul Tucker and Vincent Vanhoucke and Vijay Vasudevan and Fernanda Viégas and Oriol Vinyals and Pete Warden and Martin Wattenberg and Martin Wicke and Yuan Yu and Xiaoqiang Zheng},
	title        = {TensorFlow: Large-Scale Machine Learning on Heterogeneous Systems},
	year         = {2015},
	publisher    = {TensorFlow},
	note         = {\url{https://www.tensorflow.org/}},
	url          = {https://www.tensorflow.org/}
}
@misc{chollet2015keras,
	author       = {François Chollet and others},
	title        = {Keras},
	year         = {2015},
	publisher    = {GitHub},
	note         = {\url{https://keras.io}},
	url          = {https://keras.io}
}

@inproceedings{sandler2018mobilenetv2,
	title={MobileNetV2: Inverted Residuals and Linear Bottlenecks},
	author={Sandler, Mark and Howard, Andrew and Zhu, Menglong and Zhmoginov, Andrey and Chen, Liang-Chieh},
	booktitle={Proceedings of the IEEE conference on computer vision and pattern recognition},
	pages={4510--4520},
	year={2018}
}

@article{deng2009imagenet,
	title={ImageNet: A large-scale hierarchical image database},
	author={Deng, Jia and Dong, Wei and Socher, Richard and Li, Li-Jia and Li, Kai and Fei-Fei, Li},
	journal={2009 IEEE conference on computer vision and pattern recognition},
	pages={248--255},
	year={2009},
	organization={IEEE}
}
